@article{Doose_2007,
  doi = {10.1007/s00249-007-0133-7},
  url = {https://doi.org/10.1007%2Fs00249-007-0133-7},
  year = {2007},
  month = {feb},
  publisher = {Springer Nature},
  volume = {36},
  number = {6},
  pages = {669--674},
  author = {SÃ¶ren Doose and Mike Heilemann and Xavier Michalet and Shimon Weiss and Achillefs N. Kapanidis},
  title = {{Periodic acceptor excitation spectroscopy of single molecules}},
  journal = {European Biophysics Journal},
}


@article{Lee_2005,
  doi = {10.1529/biophysj.104.054114},
  url = {https://doi.org/10.1529%2Fbiophysj.104.054114},
  year = {2005},
  month = {apr},
  publisher = {Elsevier {BV}},
  volume = {88},
  number = {4},
  pages = {2939--2953},
  author = {Nam Ki Lee and Achillefs N. Kapanidis and You Wang and Xavier Michalet and Jayanta Mukhopadhyay and Richard H. Ebright and Shimon Weiss},
  title = {{Accurate {FRET} Measurements within Single Diffusing Biomolecules Using Alternating-Laser Excitation}},
  journal = {Biophysical Journal},
}


@article{Ingargiola_2016,
  doi = {10.1371/journal.pone.0160716},
  url = {https://doi.org/10.1371%2Fjournal.pone.0160716},
  year = {2016},
  month = {aug},
  publisher = {Public Library of Science ({PLoS})},
  volume = {11},
  number = {8},
  pages = {e0160716},
  author = {Antonino Ingargiola and Eitan Lerner and SangYoon Chung and Shimon Weiss and Xavier Michalet},
  editor = {Vadim E. Degtyar},
  title = {{{FRETBursts}: An Open Source Toolkit for Analysis of Freely-Diffusing Single-Molecule {FRET}}},
  journal = {{PLOS} {ONE}},
}


@article{Kapanidis_2005,
  doi = {10.1021/ar0401348},
  url = {https://doi.org/10.1021%2Far0401348},
  year = {2005},
  month = {jul},
  publisher = {American Chemical Society ({ACS})},
  volume = {38},
  number = {7},
  pages = {523--533},
  author = {Achillefs N. Kapanidis and Ted A. Laurence and Nam Ki Lee and Emmanuel Margeat and Xiangxu Kong and Shimon Weiss},
  title = {{Alternating-Laser Excitation of Single Molecules}},
  journal = {Accounts of Chemical Research},
}


@article{Ingargiola_2017,
  doi = {10.1371/journal.pone.0175766},
  url = {https://doi.org/10.1371%2Fjournal.pone.0175766},
  year = {2017},
  month = {apr},
  publisher = {Public Library of Science ({PLoS})},
  volume = {12},
  number = {4},
  pages = {e0175766},
  author = {Antonino Ingargiola and Eitan Lerner and SangYoon Chung and Francesco Panzeri and Angelo Gulinatti and Ivan Rech and Massimo Ghioni and Shimon Weiss and Xavier Michalet},
  editor = {Alexander F. Palazzo},
  title = {{Multispot single-molecule {FRET}: High-throughput analysis of freely diffusing molecules}},
  journal = {{PLOS} {ONE}},
}


@article{Ingargiola_2016a,
  doi = {10.1016/j.bpj.2015.11.013},
  url = {https://doi.org/10.1016%2Fj.bpj.2015.11.013},
  year = {2016},
  month = {jan},
  publisher = {Elsevier {BV}},
  volume = {110},
  number = {1},
  pages = {26--33},
  author = {Antonino Ingargiola and Ted Laurence and Robert Boutelle and Shimon Weiss and Xavier Michalet},
  title = {{Photon-{HDF}5: An Open File Format for Timestamp-Based Single-Molecule Fluorescence Experiments}},
  journal = {Biophysical Journal},
}


@inproceedings{Gulinatti_2013,
  doi = {10.1117/12.2003984},
  url = {https://doi.org/10.1117%2F12.2003984},
  year = {2013},
  month = {feb},
  publisher = {{SPIE}},
  author = {Angelo Gulinatti and Ivan Rech and Piera Maccagnani and Massimo Ghioni},
  editor = {Manijeh Razeghi},
  title = {{A 48-pixel array of single photon avalanche diodes for multispot single molecule analysis}},
  booktitle = {Quantum Sensing and Nanophotonic Devices X},
}
